@techreport{frequency-sampling-method,
  title={Design of FIR Filters Using the Frequency Sampling Method},
  author={Steve Arar},
  date={2017-09-29},
  url={https://www.allaboutcircuits.com/technical-articles/design-of-fir-filters-using-frequency-sampling-method/},
  urldate={2022-11-20},
}

@INPROCEEDINGS{noise-shaping,
  author={Verhelst, W. and De Koning, D.},
  booktitle={Proceedings of the 2001 IEEE Workshop on the Applications of Signal Processing to Audio and Acoustics (Cat. No.01TH8575)},
  title={Noise shaping filter design for minimally audible signal requantization},
  year={2001},
  volume={},
  number={},
  pages={147-150},
  doi={10.1109/ASPAA.2001.969564},
  url={https://ieeexplore.ieee.org/document/969564},
  urldate={2022-11-20},
}

@ARTICLE{shannon,
  author={Shannon, C.E.},
  journal={Proceedings of the IRE},
  title={Communication in the Presence of Noise},
  year={1949},
  volume={37},
  number={1},
  pages={10-21},
  doi={10.1109/JRPROC.1949.232969},
  url={https://ieeexplore.ieee.org/document/1697831},
  urldate={2022-11-20},
}

@online{32bit,
  title={32-Bit Float Files Explained},
  organization={Sound Devices},
  date={2022-03-16},
  url={https://www.sounddevices.com/32-bit-float-files-explained/},
  urldate={2022-11-20},
}

@article{dither,
  author = {Wannamaker, R.A. and Lipshitz, S.P. and Vanderkooy, J. and Wright, J.N.},
  title = {A Theory of Nonsubtractive Dither},
  year = {2000},
  issue_date = {February 2000},
  publisher = {IEEE Press},
  volume = {48},
  number = {2},
  issn = {1053-587X},
  url = {https://doi.org/10.1109/78.823976},
  doi = {10.1109/78.823976},
  journal = {Trans. Sig. Proc.},
  month = {feb},
  pages = {499--516},
 numpages = {18}
}

@techreport{iso226,
  institution = {ISO},
  title       = {Acoustics â€” Normal equal-loudness-level contours},
  number      = {ISO 226.2003},
  type        = {Norm},
  year        = {2003},
  version     = {2},
  url         = {https://www.iso.org/standard/34222.html},
  urldate={2022-11-21},
}

@BOOK{SASPWEB2011,
	AUTHOR  =  {Julius O. Smith},
	TITLE   = {Spectral Audio Signal Processing},
  instituiton = {Center for Computer Research in Music and Acoustics (CCRMA), Stanford University},
  publisher = {W3K Publishing},
  isbn           = {978-0-9745607-3-1},
	YEAR = {2011},
  NOTE = "online book, 2011 edition",
  url            = {https://ccrma.stanford.edu/~jos/sasp/},
  urldate={2022-11-21},
}

@INPROCEEDINGS{frequency-sampling-method-2,
  author={Peceli, G. and Simon, G.},
  booktitle={Quality Measurement: The Indispensable Bridge between Theory and Reality (No Measurements? No Science!) Joint Conference - 1996: IEEE Instrumentation and Measurement Technology Conference and IMEKO Tec},
  title={Generalization of the frequency sampling method},
  year={1996},
  volume={1},
  number={},
  pages={339-343 vol.1},
  doi={10.1109/IMTC.1996.507403},
  url = {https://ieeexplore.ieee.org/document/507403},
  urldate={2022-11-22},
}
